<record><leader>00000cas a22000007a 4500</leader><controlfield tag="001">9612603</controlfield><controlfield tag="008">830616c18929999aludr ne      0   a0eng d</controlfield><datafield ind1=" " ind2=" " tag="010"><subfield code="a">sn 83008993 </subfield></datafield><datafield ind1=" " ind2=" " tag="040"><subfield code="a">NSD</subfield><subfield code="b">eng</subfield><subfield code="c">NSD</subfield><subfield code="d">CPN</subfield><subfield code="d">AAA</subfield><subfield code="d">OCLCQ</subfield><subfield code="d">OCLCO</subfield><subfield code="d">OCLCF</subfield></datafield><datafield ind1=" " ind2=" " tag="012"><subfield code="l">1</subfield><subfield code="m">1</subfield></datafield><datafield ind1="1" ind2=" " tag="022"><subfield code="a">0738-5110</subfield><subfield code="l">0738-5110</subfield><subfield code="2">1</subfield></datafield><datafield ind1=" " ind2=" " tag="032"><subfield code="a">013080</subfield><subfield code="b">USPS</subfield></datafield><datafield ind1=" " ind2=" " tag="037"><subfield code="b">Tallapoosa Publishers, Inc., 139 Church St., P.O. Box 392, Alexander City, AL 35010</subfield></datafield><datafield ind1=" " ind2=" " tag="042"><subfield code="a">nsdp</subfield></datafield><datafield ind1=" " ind2=" " tag="043"><subfield code="a">n-us-al</subfield></datafield><datafield ind1=" " ind2="0" tag="222"><subfield code="a">Alexander City outlook</subfield></datafield><datafield ind1="0" ind2="4" tag="245"><subfield code="a">The Alexander City outlook.</subfield></datafield><datafield ind1="3" ind2="0" tag="246"><subfield code="a">Alexander City outlook and the Goodwater enterprise chronicle</subfield></datafield><datafield ind1="3" ind2="0" tag="246"><subfield code="a">Alexander City outlook and the Alexander City chronicle</subfield></datafield><datafield ind1="1" ind2="3" tag="246"><subfield code="a">Alexander City outlook (semi-weekly)</subfield></datafield><datafield ind1=" " ind2=" " tag="260"><subfield code="a">Alexander City, Ala. :</subfield><subfield code="b">W.R. Jordan</subfield></datafield><datafield ind1=" " ind2=" " tag="300"><subfield code="a">v.</subfield></datafield><datafield ind1=" " ind2=" " tag="310"><subfield code="a">Daily,</subfield><subfield code="b">&lt;Mar. 1, 1978-&gt;</subfield></datafield><datafield ind1=" " ind2=" " tag="321"><subfield code="a">Frequency varies,</subfield><subfield code="b">&lt;1892-Feb. 27, 1978&gt;</subfield></datafield><datafield ind1="1" ind2=" " tag="362"><subfield code="a">Began in Jan. 1892.</subfield></datafield><datafield ind1=" " ind2=" " tag="500"><subfield code="a">Days of publication vary.</subfield></datafield><datafield ind1=" " ind2=" " tag="500"><subfield code="a">Published as: Alexander City outlook and the Goodwater enterprise chronicle, &lt;1966&gt;.</subfield></datafield><datafield ind1=" " ind2=" " tag="500"><subfield code="a">Published as: Alexander City outlook and the Alexander City chronicle, &lt;1968&gt;.</subfield></datafield><datafield ind1=" " ind2=" " tag="515"><subfield code="a">Numbering is irregular.</subfield></datafield><datafield ind1=" " ind2=" " tag="588"><subfield code="a">Description based on: Vol. 1, no. 2 (Jan. 19, 1892).</subfield></datafield><datafield ind1=" " ind2="0" tag="651"><subfield code="a">Alexander City (Ala.)</subfield><subfield code="x">History</subfield><subfield code="v">Periodicals.</subfield></datafield><datafield ind1=" " ind2="7" tag="655"><subfield code="a">History.</subfield><subfield code="2">fast</subfield><subfield code="0">(OCoLC)fst01411628</subfield></datafield><datafield ind1=" " ind2="7" tag="655"><subfield code="a">Periodicals.</subfield><subfield code="2">fast</subfield><subfield code="0">(OCoLC)fst01411641</subfield></datafield><datafield ind1=" " ind2="7" tag="651"><subfield code="a">Alabama</subfield><subfield code="z">Alexander City.</subfield><subfield code="2">fast</subfield><subfield code="0">(OCoLC)fst01220643</subfield></datafield><datafield ind1=" " ind2=" " tag="752"><subfield code="a">United States</subfield><subfield code="b">Alabama</subfield><subfield code="c">Tallapoosa</subfield><subfield code="d">Alexander City.</subfield></datafield><datafield ind1="0" ind2="5" tag="780"><subfield code="t">Enterprise-chronicle (Goodwater, Ala.)</subfield><subfield code="w">(DLC)sn 85045143</subfield></datafield><datafield ind1="0" ind2="5" tag="780"><subfield code="t">Alexander City chronicle and the Alexander City outlook</subfield><subfield code="w">(DLC)sn 88050039</subfield></datafield></record>